%%%%%%%%%%%%%%%%%%%%%%%%%%%%%%%%%%%%%%%%%%%%%%%%%%%%%%%%%%%%%%%%%%%%%%%
% ΠΡΟΣΟΧΗ:
%%%%%%%%%%%%%%%%%%%%%%%%%%%%%%%%%%%%%%%%%%%%%%%%%%%%%%%%%%%%%%%%%%%%%%%
% Οι δηλώσεις των εγγραφών να γίνονται με πεζούς χαρακτήρες
% π.χ. book και όχι BOOK
%%%%%%%%%%%%%%%%%%%%%%%%%%%%%%%%%%%%%%%%%%%%%%%%%%%%%%%%%%%%%%%%%%%%%%%

@article{ref1, 
    author = {Greg Boss; Padma Malladi; Dennis Quan; Linda Legregni; Harold Hall},
    title = {Cloud Computing},
    journal = {IBM white paper},
    year = {2007},
}

@misc{ref2, 
  title = {How cloud computing is changing the world ... without you knowing},
  author = {Joe Baguley},
  howpublished = {\url{https://www.theguardian.com/media-network/media-network-blog/2013/sep/24/cloud-computing-changing-world-healthcare}},
  note = {\textgreek{Ημερομηνία πρόσβασης}: 20-10-2022}
}

@article{ref3,
  title = {A Study of Pricing for Cloud Resources},
  author = {Hong Xu; Baochun Li},
  journal = {Performance Evaluation Review},
  volume = {40},
  number = {4},
  year = {2013}

}

@article{ref4,
  author = {Bhanu Sharma; Ruppa K. Thulasiram; Parimala Thulasiraman; Saurabh K. Garg},
  title = {Pricing Cloud Compute Commodities: A Novel Financial Economic Model},
  journal = {12th IEEE/ACM International Symposium on Cluster, Cloud and Grid Computing},
  year = {2012}
}

@article{ref5, 
  author = {Hongyi Wang; Qingfeng Jing; Rishan Chen; Bingsheng He; Zhengping Qian; Lidong Zhou},
  title = {Distributed Systems Meet Economics: Pricing in the Cloud},
  year = {2009}
}

@misc{ref6, 
  author = {Michael Maximilien; David Hadas; Angelo Danducci II; Simon Moser},
  title = {The future is serverless},
  year = {2022},
  howpublished = {\url{https://developer.ibm.com/blogs/the-future-is-serverless}},
  note = {\textgreek{Ημερομηνία πρόσβασης}: 14-10-2023} 
}

@article{ref7,
  author = {Robert Cordingly; Hanfei Yu; Varik Hoang; Zohreh Sadeghi; David Foster; David Perez; Rashad Hatchett; Wes Lloyd},
  title = {The Serverless Application Analytics Framework: Enabling Design Trade-off Evaluation for Serverless Software},
  year = {2020}
}

@article{ref8,
  author = {Ioana Baldini; Paul Castro; Kerry Chang; Perry Cheng; Stephen Fin; Vatche Ishakian; Nick Mitchell; Vinod Muthusamy; Rodric Rabbah; Aleksander Slominski and Philippe Suter},
  title = {Serverless Computing: Current Trends and Open Problems},
  year = {2017}
}

@article{ref9,
  author = {Satoshi Nakamoto},
  title = {Bitcoin: A Peer-to-Peer Electronic Cash System},
  year = {2008},
  note = {\en{\url{https://bitcoin.org/bitcoin.pdf}}}
}

@article{ref10,
  author = {Christian Cachin; Marko Vukolic},
  title = {Blockchain Consensus Protocols in the Wild},
  year = {2017}
  }

@misc{ref11, 
  title = {Blockchain explained and its application to payments},
  howpublished = {\url{https://www.paiementor.com/blockchain-explained-application-payments/}},
  note = {\textgreek{Ημερομηνία πρόσβασης}: 14-10-2023}
}

@article{ref12,
  title = {Ethereum White Paper: A Next Generation Smart Contract \& Decentralized Application Platform},
  author = {Buterin, V.},
  year = {2014},
  note = {\en{\url{https://ethereum.org/en/whitepaper/}}}
}

@article{ref13,
  author = {Dr. Gavin Wood},
  title = {Ethereum: A Secure Decentralised Generalised Transaction Ledger},
  year = {2023},
  note = {\en{[Version: 2bcdb2d] \url{https://ethereum.github.io/yellowpaper/paper.pdf}}}
}


@book{ref14,
  title={Mastering Ethereum: Building Smart Contracts and DApps},
  author={Andreas M. Antonopoulos and Gavin Wood},
  url={https://github.com/ethereumbook/ethereumbook},
  year={2018},
  publisher={O'Reilly Media, Incorporated}
}

@misc{ref15,
  title = {Introduction to smart contracts},
  author = {Ethereum Foundation},
  howpublished = {\url{https://ethereum.org/en/smart-contracts/}},
  note = {\textgreek{Ημερομηνία πρόσβασης}: 14-10-2023}
}

@article{ref16,
  author = {Konstantinos Christidis; Michael Devetsikiotis},
  title = {Blockchains and Smart Contracts for the Internet of Things},
  year = {2016}
}
@misc{ref17,
  title = {What is a DApp?},
  author = {Ethereum Foundation},
  howpublished = {\url{https://ethereum.org/en/dapps/#beginner}},
  note = {\textgreek{Ημερομηνία πρόσβασης}: 14-10-2023}
}

@article{ref18,
  author = {Kaidong Wu; Yun Ma; Gang Huang; Xuanzhe Liu},
  title = {A First Look at Blockchain-based Decentralized Applications},
  year = {2019}
}

@misc{ref19,
  title = {What is Web3?},
  author = {Ethereum Foundation},
  howpublished = {\url{https://ethereum.org/en/web3/}},
  note = {\textgreek{Ημερομηνία πρόσβασης}: 21-10-2023}
}

@misc{ref20,
  title = {What is Ether (ETH)?},
  author = {Ethereum Foundation},
  howpublished = {\url{https://ethereum.org/en/eth/}},
  note = {\textgreek{Ημερομηνία πρόσβασης}: 14-10-2023}
}

@misc{ref21,
  title = {Gas Fees},
  author = {Ethereum Foundation},
  howpublished = {\url{https://ethereum.org/en/gas/}},
  note = {\textgreek{Ημερομηνία πρόσβασης}: 14-10-2023}
}

@misc{ref22,
  title = {Ethereum's energy expenditure},
  author = {Ethereum Foundation},
  howpublished = {\url{https://ethereum.org/en/energy-consumption/}},
  note = {\textgreek{Ημερομηνία πρόσβασης}: 21-10-2023}
}

@misc{ref23,
  title = {What is the Blockchain Trilemma?},
  author = {Mohammad Musharraf},
  howpublished = {\url{https://www.ledger.com/academy/what-is-the-blockchain-trilemma}},
  note = {\textgreek{Ημερομηνία πρόσβασης}: 14-10-2023}
}

@misc{ref24,
  title = {Layer 2},
  author = {Ethereum Foundation},
  howpublished = {\url{https://ethereum.org/en/layer-2/}},
  note = {\textgreek{Ημερομηνία πρόσβασης}: 14-10-2023}
}
@article{ref25,
  author = {Magnus Westerlund; Nane Kratzke},
  title = {Towards Distributed Clouds},
  year = {2018}
}

@article{ref26,
  author = {Eric Jonas; Qifan Pu; Shivaram Venkataraman; Ion Stoica; Benjamin Recht},
  title = {Occupy the Cloud: Distributed Computing for the 99\%},
  year = {2017}
}

@article{ref27,
  author = {Alex Kaplunovich; Karuna P. Joshi; Yelena Yesha},
  title = {Scalability Analysis of Blockchain on a Serverless Cloud},
  year = {2019}
}

@article{ref28,
  author = {Vladimir Yussupov; Ghareeb Falazi; Uwe Breitenbucher; Frank Leymann},
  title = {On the Serverless Nature of Blockchains and Smart Contracts},
  year = {2020}
}

@article{ref29,
  author = {Ch. V. N. U. Bharathi Murthy; M. Lawanya Shri; Seifedine Kadry},
  title = {Blockchain Based Cloud Computing: Architecture and Research Challenges},
  year = {2020}
}

@article{ref30,
  author = {Jin Ho Park; Jong Hyuk Park},
  title = {Blockchain Security in Cloud Computing: Use Cases, Challenges, and Solutions},
  year = {2017}
}

@misc{ref31,
  title = {SONM},
  howpublished = {\url{https://docs.sonm.com}},
  note = {\textgreek{Ημερομηνία πρόσβασης}: 21-10-2023}
}

@misc{ref32,
  title = {Golem},
  howpublished = {\url{https://www.golem.network}},
  note = {\textgreek{Ημερομηνία πρόσβασης}: 21-10-2023}
}

@misc{ref33,
  title = {iExec},
  howpublished = {\url{https://iex.ec}},
  note = {\textgreek{Ημερομηνία πρόσβασης}: 21-10-2023}
}

@misc{ref34,
  title = {Filecoin},
  howpublished = {\url{https://filecoin.io}},
  note = {\textgreek{Ημερομηνία πρόσβασης}: 21-10-2023}
}

@article{ref35,
  author = {Jason Teutsch; Christian Reitwießner},
  title = {A scalable verification solution for blockchains},
  year = {2017}
}

@article{ref36,
  author = {Katerina Doka; Tasos Bakogiannis; Ioannis Mytilinis and Georgios Goumas},
  title = {CloudAgora: Democratizing the Cloud},
  year = {2019}
}

@article{ref37,
  author = {Tasos Bakogiannis; Ioannis Mytilinis; Katerina Doka and Georgios Goumas },
  title = {Leveraging Blockchain Technology to Break the Cloud Computing Market Monopoly},
  year = {2020}
}

@article{ref38,
  author = {Sara Ghaemi},
  title = {Analysis and Design of Open Decentralized Serverless Computing Platforms},
  year = {2020}
}

@article{ref39,
  author = {Sara Ghaemi; Hamzeh Khazaei; Petr Musilek},
  title = {ChainFaaS: An Open Blockchain-Based Serverless Platform},
  year = {2020}
}

@misc{ref40,
  title = {Why Energy Is A Big And Rapidly Growing Problem For Data Centers},
  author = {Dr. Rado Danilak},
  howpublished = {\url{https://www.forbes.com/sites/forbestechcouncil/2017/12/15/why-energy-is-a-big-and-rapidly-growing-problem-for-data-centers/}},
  note = {\textgreek{Ημερομηνία πρόσβασης}: 21-10-2023}
}

@article{ref41,
  author = {Nicola Jones},
  title = {How to stop data centres from gobbling up the world’s electricity},
  year = {2018},
}

@misc{ref42,
  title = {IPFS},
  howpublished = {\url{https://ipfs.tech}},
  note = {\textgreek{Ημερομηνία πρόσβασης}: 21-10-2023}
}

@misc{ref43,
  title = {MetaMask},
  howpublished = {\url{https://metamask.io}},
  note = {\textgreek{Ημερομηνία πρόσβασης}: 21-10-2023}
}

@misc{ref44,
  title = {Hardhat},
  howpublished = {\url{https://hardhat.org}},
  note = {\textgreek{Ημερομηνία πρόσβασης}: 21-10-2023}
}

@misc{ref45,
  title = {Swarm Ethereum},
  howpublished = {\url{https://www.ethswarm.org}},
  note = {\textgreek{Ημερομηνία πρόσβασης}: 21-10-2023}
}


@article{ref46,
  author = {Fotis Loukidis – Andreou; Ioannis Giannakopoulos; Katerina Doka and Nectarios Koziris},
  title = {Docker-sec: A Fully Automated Container Security Enhancement Mechanism},
  year = {2018},
}
@article{ref47,
  author = {Ioannis Giannakopoulos; Konstantinos Papazafeiropoulos; Katerina Doka; Nectarios Koziris},
  title = {Isolation in Docker through Layer Encryption},
  year = {2020},
}

@misc{ref48,
  title = {Chainlink},
  howpublished = {\url{https://chain.link}},
  note = {\textgreek{Ημερομηνία πρόσβασης}: 21-10-2023}
}

@misc{ref49,
  title = {How Reddit ranking algorithms work},
  author = {Amir Salihefendic},
  howpublished = {\url{https://medium.com/hacking-and-gonzo/how-reddit-ranking-algorithms-work-ef111e33d0d9}},
  note = {\textgreek{Ημερομηνία πρόσβασης}: 08-02-2023}
}
@misc{ref50,
  title = {Polygon},
  howpublished = {\url{https://wiki.polygon.technology}},
  note = {\textgreek{Ημερομηνία πρόσβασης}: 21-10-2023}
}

@article{ref51,
  author = {Mihailo Bjelic; Sandeep Nailwal; Amit Chaudhary; Wenxuan Deng},
  title = {Polygon Whitepaper: POL: One token for all Polygon chains}
}